@Book{JavaScriptDefinitivo,
  author    = {David Flanagan},
  publisher = {Bookman},
  title     = {JavaScript},
  year      = {2013},
  address   = {Porto Alegre, RS},
  edition   = {6ª},
  isbn      = {978-85-65837-48-4},
  subtitle  = {O guia definitivo},
}

@Manual{ManualBiosseguranca,
  title     = {Manual de biossegurança},
  address   = {Barueri, SP},
  author    = {Mario Hiroyuki Hirata and Jorge Mancini Filho and Rosario Dominguez Crespo Hirata},
  edition   = {3ª},
  isbn      = {978-85-204-4781-9},
  year      = {2017},
  publisher = {Manole},
}

@Comment{jabref-meta: databaseType:bibtex;}
