@book{RAYO2004,
  author    = {José Tuvilla Rayo},
  publisher = {Artmed},
  title     = {Educação em Direitos Humanos},
  edition   = {2ª},
  year      = {2004},
  address   = {Porto Alegre, RS},
  isbn      = {84-330-1345-9},
  subtitle  = {Rumo a uma perspectiva global},
}

@article{ONU1948,
  author    = {{ORGANIZAÇÃO DAS NAÇÕES UNIDAS}},
  publisher = {ONU},
  title     = {Declaração dos Direitos Humanos},
  url       = {https://www.unicef.org/brazil/declaracao-universal-dos-direitos-humanos},
  urlaccessdate = {25 set. 2023},
  year     = {1948},
}

@article{CANDAU2013,
   title = {{Educação em direitos humanos e formação de educadores}},
   journal = {{Educação}},
   author = {Candau, Vera Maria Ferrão and Sacavino, Susana Beatriz},
   ISSN = {1981-2582},
   language = {pt},
   URL = {http://educa.fcc.org.br/scielo.php?script=sci_arttext&pid=S1981-25822013000100009&nrm=iso},
   volume = {36},
   year = {2013},
   month = {04},
   pages = {59 - 66},
   publisher = {scielo},
}

@Comment{jabref-meta: databaseType:bibtex;}
